@book{bishop2006pattern,
  title={Pattern recognition and machine learning},
  author={Bishop, Christopher M and Nasrabadi, Nasser M},
  volume={4},
  number={4},
  year={2006},
  publisher={Springer}
}


@incollection{tipping2003bayesian,
  title={Bayesian inference: An introduction to principles and practice in machine learning},
  author={Tipping, Michael E},
  booktitle={Summer School on Machine Learning},
  pages={41--62},
  year={2003},
  publisher={Springer}
}