@misc{garrett2023,
  title={Bayesian Optimization},
  author={Garrett, Roman},
  year={2023},
  howpublished = "\url{https://www.youtube.com/watch?v=wZODGJzKmD0}"
}


@misc{ivanova2021,
    title={Introduction to Bayesian Optimal Experimental Design},
    author={Ivanova, R. Desi},
    year={2021},
    howpublished = "\url{https://desirivanova.com/post/boed-intro/}"
}